@article{Caputi2019,
  doi = {10.1111/add.14580},
  url = {https://doi.org/10.1111/add.14580},
  year = {2019},
  month = mar,
  publisher = {Wiley},
  volume = {114},
  number = {6},
  pages = {1128--1129},
  author = {Theodore L. Caputi},
  title = {Medical marijuana,  not miracle marijuana: some well-publicized studies about medical marijuana do not pass a reality check},
  journal = {Addiction}
}