@article{Leas102020NewsCoverageOf,
 author = {Eric C Leas and Alicia L Nobles and Theodore L Caputi and Mark Dredze and Shu-Hong Zhu and Joanna E Cohen and John W Ayers},
 doi = {10.1136/tobaccocontrol-2020-055755},
 journal = {Tobacco Control},
 month = {oct},
 pages = {tobaccocontrol--2020--055755},
 publisher = {{BMJ}},
 title = {News coverage of the E-cigarette, or Vaping, product use Associated Lung Injury ({EVALI}) outbreak and internet searches for vaping cessation},
 url = {https://doi.org/10.1136%2Ftobaccocontrol-2020-055755},
 year = {2020}
}

