@article{Caputi_2018,
	doi = {10.1097/adm.0000000000000405},
	url = {https://doi.org/10.1097%2Fadm.0000000000000405},
	year = 2018,
	month = {jul},
	publisher = {Ovid Technologies (Wolters Kluwer Health)},
	volume = {12},
	number = {4},
	pages = {295--299},
	author = {Theodore L. Caputi and Keith Humphreys},
	title = {Medical Marijuana Users are More Likely to Use Prescription Drugs Medically and Nonmedically},
	journal = {Journal of Addiction Medicine}
}