@article{Caputi2019,
  doi = {10.1377/hlthaff.2019.00198},
  url = {https://doi.org/10.1377/hlthaff.2019.00198},
  year = {2019},
  month = may,
  publisher = {Health Affairs (Project Hope)},
  volume = {38},
  number = {5},
  pages = {874--874},
  author = {Theodore L. Caputi},
  title = {Medical Cannabis Use},
  journal = {Health Affairs}
}