@article{Caputi022017ResponseToComment,
 author = {Theodore L. Caputi and A. Thomas McLellan},
 doi = {10.1080/09687637.2017.1288681},
 journal = {Drugs: Education, Prevention and Policy},
 month = {feb},
 number = {2},
 pages = {226--226},
 publisher = {Informa {UK} Limited},
 title = {Response to Comment by Hecht {\&} Miller-Day on {\textquotedblleft}Truth and D.A.R.E.: Is D.A.R.E.'s new Keepin' it {REAL} curriculum suitable for American nationwide implementation?{\textquotedblright}},
 url = {https://doi.org/10.1080%2F09687637.2017.1288681},
 volume = {24},
 year = {2017}
}

