@article{Caputi052016WhereIsThe,
 author = {Theodore L. Caputi and Kevin A. Sabet},
 doi = {10.1080/02791072.2016.1197989},
 journal = {Journal of Psychoactive Drugs},
 month = {may},
 number = {3},
 pages = {227--229},
 publisher = {Informa {UK} Limited},
 title = {Commentary on {\textquotedblleft}New Perspectives on Drug Education/Prevention{\textquotedblright}},
 url = {https://doi.org/10.1080%2F02791072.2016.1197989},
 volume = {48},
 year = {2016}
}

