@article{Caputi022017WhetherMedicalMarijuana,
 author = {Theodore L. Caputi},
 doi = {10.1111/dar.12494},
 journal = {Drug and Alcohol Review},
 month = {feb},
 number = {4},
 pages = {E3--E4},
 publisher = {Wiley},
 title = {Whether medical marijuana is ever substituted for other substances is not the full story},
 url = {https://doi.org/10.1111%2Fdar.12494},
 volume = {36},
 year = {2017}
}

