@article{Caputi2018,
  doi = {10.1016/j.drugalcdep.2018.01.012},
  url = {https://doi.org/10.1016/j.drugalcdep.2018.01.012},
  year = {2018},
  month = jun,
  publisher = {Elsevier {BV}},
  volume = {187},
  pages = {142--148},
  author = {Theodore L. Caputi},
  title = {Sex and orientation identity matter in the substance use behaviors of sexual minority adolescents in the United States},
  journal = {Drug and Alcohol Dependence}
}