@article{Caputi052018OnlineSalesOf,
 author = {Theodore L. Caputi and Eric C. Leas and Mark Dredze and John W. Ayers},
 doi = {10.1016/j.amepre.2018.01.032},
 journal = {American Journal of Preventive Medicine},
 month = {may},
 number = {5},
 pages = {719--721},
 publisher = {Elsevier {BV}},
 title = {Online Sales of Marijuana: An Unrecognized Public Health Dilemma},
 url = {https://doi.org/10.1016%2Fj.amepre.2018.01.032},
 volume = {54},
 year = {2018}
}

