@article{Caputi052019MedicalCannabisUse,
 author = {Theodore L. Caputi},
 doi = {10.1377/hlthaff.2019.00198},
 journal = {Health Affairs},
 month = {may},
 number = {5},
 pages = {874--874},
 publisher = {Health Affairs (Project Hope)},
 title = {Medical Cannabis Use},
 url = {https://doi.org/10.1377%2Fhlthaff.2019.00198},
 volume = {38},
 year = {2019}
}

