@article{Allem052017TheCharlieSheen,
 author = {Jon-Patrick Allem and Eric C. Leas and Theodore L. Caputi and Mark Dredze and Benjamin M. Althouse and Seth M. Noar and John W. Ayers},
 doi = {10.1007/s11121-017-0792-2},
 journal = {Prevention Science},
 month = {may},
 number = {5},
 pages = {541--544},
 publisher = {Springer Science and Business Media {LLC}},
 title = {The Charlie Sheen Effect on Rapid In-home Human Immunodeficiency Virus Test Sales},
 url = {https://doi.org/10.1007%2Fs11121-017-0792-2},
 volume = {18},
 year = {2017}
}

