@article{Allem_2017,
	doi = {10.1007/s11121-017-0792-2},
	url = {https://doi.org/10.1007%2Fs11121-017-0792-2},
	year = 2017,
	month = {may},
	publisher = {Springer Science and Business Media {LLC}},
	volume = {18},
	number = {5},
	pages = {541--544},
	author = {Jon-Patrick Allem and Eric C. Leas and Theodore L. Caputi and Mark Dredze and Benjamin M. Althouse and Seth M. Noar and John W. Ayers},
	title = {The Charlie Sheen Effect on Rapid In-home Human Immunodeficiency Virus Test Sales},
	journal = {Prevention Science}
}