@article{Caputi072021WhatCannabisCan,
 author = {Theodore L. Caputi},
 doi = {10.1016/j.drugpo.2021.103133},
 journal = {International Journal of Drug Policy},
 month = {jul},
 pages = {103133},
 publisher = {Elsevier {BV}},
 title = {What cannabis can learn from Covid: Hydroxychloroquine research suggests the next step for medical cannabis research},
 url = {https://doi.org/10.1016%2Fj.drugpo.2021.103133},
 volume = {93},
 year = {2021}
}

