@article{Caputi2017,
  doi = {10.1080/09687637.2017.1288681},
  url = {https://doi.org/10.1080/09687637.2017.1288681},
  year = {2017},
  month = feb,
  publisher = {Informa {UK} Limited},
  volume = {24},
  number = {2},
  pages = {226--226},
  author = {Theodore L. Caputi and A. Thomas McLellan},
  title = {Response to Comment by Hecht {\&} Miller-Day on {\textquotedblleft}Truth and D.A.R.E.: Is D.A.R.E.'s new Keepin' it {REAL} curriculum suitable for American nationwide implementation?{\textquotedblright}},
  journal = {Drugs: Education,  Prevention and Policy}
}