@article{Caputi102016MedicareRecipientsâ€™Use,
 author = {Theodore L. Caputi and Keith Humphreys},
 doi = {10.1377/hlthaff.2016.1108},
 journal = {Health Affairs},
 month = {oct},
 number = {10},
 pages = {1936--1936},
 publisher = {Health Affairs (Project Hope)},
 title = {Medicare Recipients' Use Of Medical Marijuana},
 url = {https://doi.org/10.1377%2Fhlthaff.2016.1108},
 volume = {35},
 year = {2016}
}

