@article{Caputi2016,
  doi = {10.1016/j.drugpo.2016.06.005},
  url = {https://doi.org/10.1016/j.drugpo.2016.06.005},
  year = {2016},
  month = jul,
  publisher = {Elsevier {BV}},
  volume = {33},
  pages = {102--104},
  author = {Theodore L. Caputi},
  title = {The case for uniform controls in drug policy studies},
  journal = {International Journal of Drug Policy}
}