@article{Ayers_2018,
	doi = {10.1371/journal.pone.0205822},
	url = {https://doi.org/10.1371%2Fjournal.pone.0205822},
	year = 2018,
	month = {nov},
	publisher = {Public Library of Science ({PLoS})},
	volume = {13},
	number = {11},
	pages = {e0205822},
	author = {John W. Ayers and Mark Dredze and Eric C. Leas and Theodore L. Caputi and Jon-Patrick Allem and Joanna E. Cohen},
	editor = {Zila M Sanchez},
	title = {Next generation media monitoring: Global coverage of electronic nicotine delivery systems (electronic cigarettes) on Bing, Google and Twitter, 2013-2018},
	journal = {{PLOS} {ONE}}
}