@article{Caputi082020PhysicalAndSexual,
 author = {Theodore L. Caputi and Chelsea L. Shover and Ryan J. Watson},
 doi = {10.1001/jamapediatrics.2019.6291},
 journal = {{JAMA} Pediatrics},
 month = {aug},
 number = {8},
 pages = {791},
 publisher = {American Medical Association ({AMA})},
 title = {Physical and Sexual Violence Among Gay, Lesbian, Bisexual, and Questioning Adolescents},
 url = {https://doi.org/10.1001%2Fjamapediatrics.2019.6291},
 volume = {174},
 year = {2020}
}

