@article{Caputi082016TruthAndDARE,
 author = {Theodore L. Caputi and A. Thomas McLellan},
 doi = {10.1080/09687637.2016.1208731},
 journal = {Drugs: Education, Prevention and Policy},
 month = {aug},
 number = {1},
 pages = {49--57},
 publisher = {Informa {UK} Limited},
 title = {Truth and D.A.R.E.: Is D.A.R.E.'s new Keepin' it {REAL} curriculum suitable for American nationwide implementation?},
 url = {https://doi.org/10.1080%2F09687637.2016.1208731},
 volume = {24},
 year = {2016}
}

