@article{Caputi_2016,
	doi = {10.1080/09687637.2016.1208731},
	url = {https://doi.org/10.1080%2F09687637.2016.1208731},
	year = 2016,
	month = {aug},
	publisher = {Informa {UK} Limited},
	volume = {24},
	number = {1},
	pages = {49--57},
	author = {Theodore L. Caputi and A. Thomas McLellan},
	title = {Truth and D.A.R.E.: Is D.A.R.E.'s new Keepin' it {REAL} curriculum suitable for American nationwide implementation?},
	journal = {Drugs: Education, Prevention and Policy}
}