@article{Nobles012020DidISay,
 author = {Alicia L. Nobles and Eric C. Leas and Theodore L. Caputi and Shu-Hong Zhu and Steffanie A. Strathdee and John W. Ayers},
 doi = {10.1038/s41746-019-0215-9},
 journal = {npj Digital Medicine},
 month = {jan},
 number = {1},
 publisher = {Springer Science and Business Media {LLC}},
 title = {Responses to addiction help-seeking from Alexa, Siri, Google Assistant, Cortana, and Bixby intelligent virtual assistants},
 url = {https://doi.org/10.1038%2Fs41746-019-0215-9},
 volume = {3},
 year = {2020}
}

