@article{Leas2019,
  doi = {10.1001/jamanetworkopen.2019.13853},
  url = {https://doi.org/10.1001/jamanetworkopen.2019.13853},
  year = {2019},
  month = oct,
  publisher = {American Medical Association ({AMA})},
  volume = {2},
  number = {10},
  pages = {e1913853},
  author = {Eric C. Leas and Alicia L. Nobles and Theodore L. Caputi and Mark Dredze and Davey M. Smith and John W. Ayers},
  title = {Trends in Internet Searches for Cannabidiol ({CBD}) in the United States},
  journal = {{JAMA} Network Open}
}