@article{Ayers2018,
  doi = {10.1038/s41746-018-0036-2},
  url = {https://doi.org/10.1038/s41746-018-0036-2},
  year = {2018},
  month = aug,
  publisher = {Springer Science and Business Media {LLC}},
  volume = {1},
  number = {1},
  author = {John W. Ayers and Theodore L. Caputi and Camille Nebeker and Mark Dredze},
  title = {Don't quote me: reverse identification of research participants in social media studies},
  journal = {npj Digital Medicine}
}