@article{Liu2020,
  doi = {10.1001/jamainternmed.2020.1764},
  url = {https://doi.org/10.1001/jamainternmed.2020.1764},
  year = {2020},
  month = aug,
  publisher = {American Medical Association ({AMA})},
  volume = {180},
  number = {8},
  pages = {1116},
  author = {Michael Liu and Theodore L. Caputi and Mark Dredze and Aaron S. Kesselheim and John W. Ayers},
  title = {Internet Searches for Unproven {COVID}-19 Therapies in the United States},
  journal = {{JAMA} Internal Medicine}
}