@article{Caputi062017GoogleSearchesFor,
 author = {Theodore L Caputi},
 doi = {10.1093/ntr/ntx143},
 journal = {Nicotine {\&} Tobacco Research},
 month = {jun},
 number = {6},
 pages = {779--783},
 publisher = {Oxford University Press ({OUP})},
 title = {Google Searches for {\textquotedblleft}Cheap Cigarettes{\textquotedblright} Spike at Tax Increases: Evidence from an Algorithm to Detect Spikes in Time Series Data},
 url = {https://doi.org/10.1093%2Fntr%2Fntx143},
 volume = {20},
 year = {2017}
}

