@article{Caputi072016TheCaseFor,
 author = {Theodore L. Caputi},
 doi = {10.1016/j.drugpo.2016.06.005},
 journal = {International Journal of Drug Policy},
 month = {jul},
 pages = {102--104},
 publisher = {Elsevier {BV}},
 title = {The case for uniform controls in drug policy studies},
 url = {https://doi.org/10.1016%2Fj.drugpo.2016.06.005},
 volume = {33},
 year = {2016}
}

