@article{Caputi072021WhatCannabisCan,
 author = {Theodore L. Caputi},
 doi = {10.1016/j.drugpo.2021.103133},
 journal = {International Journal of Drug Policy},
 month = {jul},
 pages = {103133},
 publisher = {Elsevier {BV}},
 title = {What cannabis can learn from Covid: Hydroxychloroquine research suggests the next step for medical cannabis research},
 url = {https://doi.org/10.1016%2Fj.drugpo.2021.103133},
 volume = {93},
 year = {2021}
}



@article{Caputi082020PhysicalAndSexual,
 author = {Theodore L. Caputi and Chelsea L. Shover and Ryan J. Watson},
 doi = {10.1001/jamapediatrics.2019.6291},
 journal = {{JAMA} Pediatrics},
 month = {aug},
 number = {8},
 pages = {791},
 publisher = {American Medical Association ({AMA})},
 title = {Physical and Sexual Violence Among Gay, Lesbian, Bisexual, and Questioning Adolescents},
 url = {https://doi.org/10.1001%2Fjamapediatrics.2019.6291},
 volume = {174},
 year = {2020}
}



@article{Caputi052020CollateralCrisesOf,
 author = {Theodore L Caputi and John W Ayers and Mark Dredze and Nicholas Suplina and Sarah Burd-Sharps},
 doi = {10.2196/19369},
 journal = {{JMIR} Public Health and Surveillance},
 month = {may},
 number = {2},
 pages = {e19369},
 publisher = {{JMIR} Publications Inc.},
 title = {Collateral Crises of Gun Preparation and the {COVID}-19 Pandemic: Infodemiology Study},
 url = {https://doi.org/10.2196%2F19369},
 volume = {6},
 year = {2020}
}



@article{Caputi022019InternetSearchesFor,
 author = {Theodore L. Caputi and Alicia L. Nobles and John W. Ayers},
 doi = {10.1001/jamainternmed.2018.5094},
 journal = {{JAMA} Internal Medicine},
 month = {feb},
 number = {2},
 pages = {258},
 publisher = {American Medical Association ({AMA})},
 title = {Internet Searches for Sexual Harassment and Assault, Reporting, and Training Since the {\#}{MeToo} Movement},
 url = {https://doi.org/10.1001%2Fjamainternmed.2018.5094},
 volume = {179},
 year = {2019}
}



@article{Caputi082018SubstanceUseAmong,
 author = {Theodore L. Caputi and Laramie R. Smith and Steffanie A. Strathdee and John W. Ayers},
 doi = {10.2105/ajph.2018.304446},
 journal = {American Journal of Public Health},
 month = {aug},
 number = {8},
 pages = {1031--1034},
 publisher = {American Public Health Association},
 title = {Substance Use Among Lesbian, Gay, Bisexual, and Questioning Adolescents in the United States, 2015},
 url = {https://doi.org/10.2105%2Fajph.2018.304446},
 volume = {108},
 year = {2018}
}



@article{Caputi072018MedicalMarijuanaUsers,
 author = {Theodore L. Caputi and Keith Humphreys},
 doi = {10.1097/adm.0000000000000405},
 journal = {Journal of Addiction Medicine},
 month = {jul},
 number = {4},
 pages = {295--299},
 publisher = {Ovid Technologies (Wolters Kluwer Health)},
 title = {Medical Marijuana Users are More Likely to Use Prescription Drugs Medically and Nonmedically},
 url = {https://doi.org/10.1097%2Fadm.0000000000000405},
 volume = {12},
 year = {2018}
}



@article{Caputi062018SexAndOrientation,
 author = {Theodore L. Caputi},
 doi = {10.1016/j.drugalcdep.2018.01.012},
 journal = {Drug and Alcohol Dependence},
 month = {jun},
 pages = {142--148},
 publisher = {Elsevier {BV}},
 title = {Sex and orientation identity matter in the substance use behaviors of sexual minority adolescents in the United States},
 url = {https://doi.org/10.1016%2Fj.drugalcdep.2018.01.012},
 volume = {187},
 year = {2018}
}



@article{Caputi052018OnlineSalesOf,
 author = {Theodore L. Caputi and Eric C. Leas and Mark Dredze and John W. Ayers},
 doi = {10.1016/j.amepre.2018.01.032},
 journal = {American Journal of Preventive Medicine},
 month = {may},
 number = {5},
 pages = {719--721},
 publisher = {Elsevier {BV}},
 title = {Online Sales of Marijuana: An Unrecognized Public Health Dilemma},
 url = {https://doi.org/10.1016%2Fj.amepre.2018.01.032},
 volume = {54},
 year = {2018}
}



@article{Caputi122017SuicideRiskBehaviors,
 author = {Theodore L. Caputi and Davey Smith and John W. Ayers},
 doi = {10.1001/jama.2017.16908},
 journal = {{JAMA}},
 month = {dec},
 number = {23},
 pages = {2349},
 publisher = {American Medical Association ({AMA})},
 title = {Suicide Risk Behaviors Among Sexual Minority Adolescents in the United States, 2015},
 url = {https://doi.org/10.1001%2Fjama.2017.16908},
 volume = {318},
 year = {2017}
}



@article{Caputi102017Theyâ€™ReHeatingUp,
 author = {Theodore L. Caputi and Eric Leas and Mark Dredze and Joanna E. Cohen and John W. Ayers},
 doi = {10.1371/journal.pone.0185735},
 editor = {Yuyan Shi},
 journal = {{PLOS} {ONE}},
 month = {oct},
 number = {10},
 pages = {e0185735},
 publisher = {Public Library of Science ({PLoS})},
 title = {They're heating up: Internet search query trends reveal significant public interest in heat-not-burn tobacco products},
 url = {https://doi.org/10.1371%2Fjournal.pone.0185735},
 volume = {12},
 year = {2017}
}



@article{Caputi062017GoogleSearchesFor,
 author = {Theodore L Caputi},
 doi = {10.1093/ntr/ntx143},
 journal = {Nicotine {\&} Tobacco Research},
 month = {jun},
 number = {6},
 pages = {779--783},
 publisher = {Oxford University Press ({OUP})},
 title = {Google Searches for {\textquotedblleft}Cheap Cigarettes{\textquotedblright} Spike at Tax Increases: Evidence from an Algorithm to Detect Spikes in Time Series Data},
 url = {https://doi.org/10.1093%2Fntr%2Fntx143},
 volume = {20},
 year = {2017}
}



@article{Caputi012017AssessingThePossibility,
 author = {Theodore L. Caputi},
 doi = {10.12806/v16/i1/t2},
 journal = {Journal of Leadership Education},
 month = {jan},
 number = {1},
 pages = {115--132},
 publisher = {Journal of Leadership Education},
 title = {Assessing the Possibility of Leadership Education as Psychosocial-Based Problem Behavior Prevention for Adolescents: A Review of the Literature},
 url = {https://doi.org/10.12806%2Fv16%2Fi1%2Ft2},
 volume = {16},
 year = {2017}
}



@article{Caputi082016TruthAndDARE,
 author = {Theodore L. Caputi and A. Thomas McLellan},
 doi = {10.1080/09687637.2016.1208731},
 journal = {Drugs: Education, Prevention and Policy},
 month = {aug},
 number = {1},
 pages = {49--57},
 publisher = {Informa {UK} Limited},
 title = {Truth and D.A.R.E.: Is D.A.R.E.'s new Keepin' it {REAL} curriculum suitable for American nationwide implementation?},
 url = {https://doi.org/10.1080%2F09687637.2016.1208731},
 volume = {24},
 year = {2016}
}



@article{Caputi072016TheCaseFor,
 author = {Theodore L. Caputi},
 doi = {10.1016/j.drugpo.2016.06.005},
 journal = {International Journal of Drug Policy},
 month = {jul},
 pages = {102--104},
 publisher = {Elsevier {BV}},
 title = {The case for uniform controls in drug policy studies},
 url = {https://doi.org/10.1016%2Fj.drugpo.2016.06.005},
 volume = {33},
 year = {2016}
}



@article{Caputi022020TheMedicalMarijuana,
 author = {Theodore L. Caputi},
 doi = {10.2105/ajph.2019.305477},
 journal = {American Journal of Public Health},
 month = {feb},
 number = {2},
 pages = {174--175},
 publisher = {American Public Health Association},
 title = {The Medical Marijuana Industry and the Use of {\textquotedblleft}Research as Marketing{\textquotedblright}},
 url = {https://doi.org/10.2105%2Fajph.2019.305477},
 volume = {110},
 year = {2020}
}



@article{Caputi112019MedicalMarijuanaLaws,
 author = {Theodore L. Caputi},
 doi = {10.1111/add.14748},
 journal = {Addiction},
 month = {nov},
 number = {1},
 pages = {188--189},
 publisher = {Wiley},
 title = {Medical marijuana laws, substance use treatment admissions and the ecological fallacy},
 url = {https://doi.org/10.1111%2Fadd.14748},
 volume = {115},
 year = {2019}
}



@article{Ayers062019TheNeedFor,
 author = {John W. Ayers and Theodore L. Caputi and Eric C. Leas},
 doi = {10.1001/jama.2019.4432},
 journal = {{JAMA}},
 month = {jun},
 number = {22},
 pages = {2163},
 publisher = {American Medical Association ({AMA})},
 title = {The Need for Federal Regulation of Marijuana Marketing},
 url = {https://doi.org/10.1001%2Fjama.2019.4432},
 volume = {321},
 year = {2019}
}



@article{Caputi052019MedicalCannabisUse,
 author = {Theodore L. Caputi},
 doi = {10.1377/hlthaff.2019.00198},
 journal = {Health Affairs},
 month = {may},
 number = {5},
 pages = {874--874},
 publisher = {Health Affairs (Project Hope)},
 title = {Medical Cannabis Use},
 url = {https://doi.org/10.1377%2Fhlthaff.2019.00198},
 volume = {38},
 year = {2019}
}



@article{Caputi032019MedicalMarijuanaNot,
 author = {Theodore L. Caputi},
 doi = {10.1111/add.14580},
 journal = {Addiction},
 month = {mar},
 number = {6},
 pages = {1128--1129},
 publisher = {Wiley},
 title = {Medical marijuana, not miracle marijuana: some well-publicized studies about medical marijuana do not pass a reality check},
 url = {https://doi.org/10.1111%2Fadd.14580},
 volume = {114},
 year = {2019}
}



@article{Caputi032018PopulationLevelAnalysesCannot,
 author = {Theodore L. Caputi and Kevin A. Sabet},
 doi = {10.2105/ajph.2017.304253},
 journal = {American Journal of Public Health},
 month = {mar},
 number = {3},
 pages = {e12--e12},
 publisher = {American Public Health Association},
 title = {Population-Level Analyses Cannot Tell Us Anything About Individual-Level Marijuana-Opioid Substitution},
 url = {https://doi.org/10.2105%2Fajph.2017.304253},
 volume = {108},
 year = {2018}
}



@article{Caputi022017WhetherMedicalMarijuana,
 author = {Theodore L. Caputi},
 doi = {10.1111/dar.12494},
 journal = {Drug and Alcohol Review},
 month = {feb},
 number = {4},
 pages = {E3--E4},
 publisher = {Wiley},
 title = {Whether medical marijuana is ever substituted for other substances is not the full story},
 url = {https://doi.org/10.1111%2Fdar.12494},
 volume = {36},
 year = {2017}
}



@article{Caputi022017ResponseToComment,
 author = {Theodore L. Caputi and A. Thomas McLellan},
 doi = {10.1080/09687637.2017.1288681},
 journal = {Drugs: Education, Prevention and Policy},
 month = {feb},
 number = {2},
 pages = {226--226},
 publisher = {Informa {UK} Limited},
 title = {Response to Comment by Hecht {\&} Miller-Day on {\textquotedblleft}Truth and D.A.R.E.: Is D.A.R.E.'s new Keepin' it {REAL} curriculum suitable for American nationwide implementation?{\textquotedblright}},
 url = {https://doi.org/10.1080%2F09687637.2017.1288681},
 volume = {24},
 year = {2017}
}



@article{Caputi102016MedicareRecipientsâ€™Use,
 author = {Theodore L. Caputi and Keith Humphreys},
 doi = {10.1377/hlthaff.2016.1108},
 journal = {Health Affairs},
 month = {oct},
 number = {10},
 pages = {1936--1936},
 publisher = {Health Affairs (Project Hope)},
 title = {Medicare Recipients' Use Of Medical Marijuana},
 url = {https://doi.org/10.1377%2Fhlthaff.2016.1108},
 volume = {35},
 year = {2016}
}



@article{Caputi082016HeatNotBurnTobaccoProducts,
 author = {Theodore L Caputi},
 doi = {10.1136/tobaccocontrol-2016-053264},
 journal = {Tobacco Control},
 month = {aug},
 number = {5},
 pages = {609--610},
 publisher = {{BMJ}},
 title = {Industry watch: heat-not-burn tobacco products are about to reach their boiling point},
 url = {https://doi.org/10.1136%2Ftobaccocontrol-2016-053264},
 volume = {26},
 year = {2016}
}



@article{Caputi052016WhereIsThe,
 author = {Theodore L. Caputi and Kevin A. Sabet},
 doi = {10.1080/02791072.2016.1197989},
 journal = {Journal of Psychoactive Drugs},
 month = {may},
 number = {3},
 pages = {227--229},
 publisher = {Informa {UK} Limited},
 title = {Commentary on {\textquotedblleft}New Perspectives on Drug Education/Prevention{\textquotedblright}},
 url = {https://doi.org/10.1080%2F02791072.2016.1197989},
 volume = {48},
 year = {2016}
}



@article{Caputi122020DrugsClassAnd,
 author = {Theodore L. Caputi},
 doi = {10.1111/add.15339},
 journal = {Addiction},
 month = {dec},
 number = {3},
 pages = {684--685},
 publisher = {Wiley},
 title = {Commentary on Furr-Holden
et al
. : Drugs, class, and race{\textemdash}recent developments in the opioid epidemic call for urgent next steps},
 url = {https://doi.org/10.1111%2Fadd.15339},
 volume = {116},
 year = {2020}
}



@article{Acevedo022021TheImpactOf,
 author = {Andrea Acevedo and Brian O. Mullin and Ana M. Progovac and Theodore L. Caputi and J. Michael McWilliams and Benjamin L. Cook},
 doi = {10.1111/1475-6773.13625},
 journal = {Health Services Research},
 month = {feb},
 publisher = {Wiley},
 title = {Impact of the Medicare Shared Savings Program on utilization of mental health and substance use services by eligibility and race/ethnicity},
 url = {https://doi.org/10.1111%2F1475-6773.13625},
 year = {2021}
}



@article{Ayers012021SuicideRelatedInternetSearches,
 author = {John W. Ayers and Adam Poliak and Derek C. Johnson and Eric C. Leas and Mark Dredze and Theodore Caputi and Alicia L. Nobles},
 doi = {10.1001/jamanetworkopen.2020.34261},
 journal = {{JAMA} Network Open},
 month = {jan},
 number = {1},
 pages = {e2034261},
 publisher = {American Medical Association ({AMA})},
 title = {Suicide-Related Internet Searches During the Early Stages of the {COVID}-19 Pandemic in the {US}},
 url = {https://doi.org/10.1001%2Fjamanetworkopen.2020.34261},
 volume = {4},
 year = {2021}
}



@article{Leas102020NewsCoverageOf,
 author = {Eric C Leas and Alicia L Nobles and Theodore L Caputi and Mark Dredze and Shu-Hong Zhu and Joanna E Cohen and John W Ayers},
 doi = {10.1136/tobaccocontrol-2020-055755},
 journal = {Tobacco Control},
 month = {oct},
 pages = {tobaccocontrol--2020--055755},
 publisher = {{BMJ}},
 title = {News coverage of the E-cigarette, or Vaping, product use Associated Lung Injury ({EVALI}) outbreak and internet searches for vaping cessation},
 url = {https://doi.org/10.1136%2Ftobaccocontrol-2020-055755},
 year = {2020}
}



@article{Liu082020InternetSearchesFor,
 author = {Michael Liu and Theodore L. Caputi and Mark Dredze and Aaron S. Kesselheim and John W. Ayers},
 doi = {10.1001/jamainternmed.2020.1764},
 journal = {{JAMA} Internal Medicine},
 month = {aug},
 number = {8},
 pages = {1116},
 publisher = {American Medical Association ({AMA})},
 title = {Internet Searches for Unproven {COVID}-19 Therapies in the United States},
 url = {https://doi.org/10.1001%2Fjamainternmed.2020.1764},
 volume = {180},
 year = {2020}
}



@article{Nobles012020DidISay,
 author = {Alicia L. Nobles and Eric C. Leas and Theodore L. Caputi and Shu-Hong Zhu and Steffanie A. Strathdee and John W. Ayers},
 doi = {10.1038/s41746-019-0215-9},
 journal = {npj Digital Medicine},
 month = {jan},
 number = {1},
 publisher = {Springer Science and Business Media {LLC}},
 title = {Responses to addiction help-seeking from Alexa, Siri, Google Assistant, Cortana, and Bixby intelligent virtual assistants},
 url = {https://doi.org/10.1038%2Fs41746-019-0215-9},
 volume = {3},
 year = {2020}
}



@article{Leas102019TrendsInInternet,
 author = {Eric C. Leas and Alicia L. Nobles and Theodore L. Caputi and Mark Dredze and Davey M. Smith and John W. Ayers},
 doi = {10.1001/jamanetworkopen.2019.13853},
 journal = {{JAMA} Network Open},
 month = {oct},
 number = {10},
 pages = {e1913853},
 publisher = {American Medical Association ({AMA})},
 title = {Trends in Internet Searches for Cannabidiol ({CBD}) in the United States},
 url = {https://doi.org/10.1001%2Fjamanetworkopen.2019.13853},
 volume = {2},
 year = {2019}
}



@article{Ayers112018NextGenerationMedia,
 author = {John W. Ayers and Mark Dredze and Eric C. Leas and Theodore L. Caputi and Jon-Patrick Allem and Joanna E. Cohen},
 doi = {10.1371/journal.pone.0205822},
 editor = {Zila M Sanchez},
 journal = {{PLOS} {ONE}},
 month = {nov},
 number = {11},
 pages = {e0205822},
 publisher = {Public Library of Science ({PLoS})},
 title = {Next generation media monitoring: Global coverage of electronic nicotine delivery systems (electronic cigarettes) on Bing, Google and Twitter, 2013-2018},
 url = {https://doi.org/10.1371%2Fjournal.pone.0205822},
 volume = {13},
 year = {2018}
}



@article{Ayers082018DonTQuoteMe,
 author = {John W. Ayers and Theodore L. Caputi and Camille Nebeker and Mark Dredze},
 doi = {10.1038/s41746-018-0036-2},
 journal = {npj Digital Medicine},
 month = {aug},
 number = {1},
 publisher = {Springer Science and Business Media {LLC}},
 title = {Don't quote me: reverse identification of research participants in social media studies},
 url = {https://doi.org/10.1038%2Fs41746-018-0036-2},
 volume = {1},
 year = {2018}
}



@article{Allem052017TheCharlieSheen,
 author = {Jon-Patrick Allem and Eric C. Leas and Theodore L. Caputi and Mark Dredze and Benjamin M. Althouse and Seth M. Noar and John W. Ayers},
 doi = {10.1007/s11121-017-0792-2},
 journal = {Prevention Science},
 month = {may},
 number = {5},
 pages = {541--544},
 publisher = {Springer Science and Business Media {LLC}},
 title = {The Charlie Sheen Effect on Rapid In-home Human Immunodeficiency Virus Test Sales},
 url = {https://doi.org/10.1007%2Fs11121-017-0792-2},
 volume = {18},
 year = {2017}
}



