@article{Caputi052020CollateralCrisesOf,
 author = {Theodore L Caputi and John W Ayers and Mark Dredze and Nicholas Suplina and Sarah Burd-Sharps},
 doi = {10.2196/19369},
 journal = {{JMIR} Public Health and Surveillance},
 month = {may},
 number = {2},
 pages = {e19369},
 publisher = {{JMIR} Publications Inc.},
 title = {Collateral Crises of Gun Preparation and the {COVID}-19 Pandemic: Infodemiology Study},
 url = {https://doi.org/10.2196%2F19369},
 volume = {6},
 year = {2020}
}

