@article{Caputi112019MedicalMarijuanaLaws,
 author = {Theodore L. Caputi},
 doi = {10.1111/add.14748},
 journal = {Addiction},
 month = {nov},
 number = {1},
 pages = {188--189},
 publisher = {Wiley},
 title = {Medical marijuana laws, substance use treatment admissions and the ecological fallacy},
 url = {https://doi.org/10.1111%2Fadd.14748},
 volume = {115},
 year = {2019}
}

