@article{Leas102019TrendsInInternet,
 author = {Eric C. Leas and Alicia L. Nobles and Theodore L. Caputi and Mark Dredze and Davey M. Smith and John W. Ayers},
 doi = {10.1001/jamanetworkopen.2019.13853},
 journal = {{JAMA} Network Open},
 month = {oct},
 number = {10},
 pages = {e1913853},
 publisher = {American Medical Association ({AMA})},
 title = {Trends in Internet Searches for Cannabidiol ({CBD}) in the United States},
 url = {https://doi.org/10.1001%2Fjamanetworkopen.2019.13853},
 volume = {2},
 year = {2019}
}

