@article{Johnson_2021,
	doi = {10.1186/s12879-021-05907-0},
	url = {https://doi.org/10.1186%2Fs12879-021-05907-0},
	year = 2021,
	month = {feb},
	publisher = {Springer Science and Business Media {LLC}},
	volume = {21},
	number = {1},
	author = {Derek C. Johnson and Alicia L. Nobles and Theodore L. Caputi and Michael Liu and Eric C. Leas and Steffanie A. Strathdee and Davey M. Smith and John W. Ayers},
	title = {Monitoring {HIV} testing and pre-exposure prophylaxis information seeking by combining digital and traditional data},
	journal = {{BMC} Infectious Diseases}
}