@article{Caputi022019InternetSearchesFor,
 author = {Theodore L. Caputi and Alicia L. Nobles and John W. Ayers},
 doi = {10.1001/jamainternmed.2018.5094},
 journal = {{JAMA} Internal Medicine},
 month = {feb},
 number = {2},
 pages = {258},
 publisher = {American Medical Association ({AMA})},
 title = {Internet Searches for Sexual Harassment and Assault, Reporting, and Training Since the {\#}{MeToo} Movement},
 url = {https://doi.org/10.1001%2Fjamainternmed.2018.5094},
 volume = {179},
 year = {2019}
}

