@article{Ayers062019TheNeedFor,
 author = {John W. Ayers and Theodore L. Caputi and Eric C. Leas},
 doi = {10.1001/jama.2019.4432},
 journal = {{JAMA}},
 month = {jun},
 number = {22},
 pages = {2163},
 publisher = {American Medical Association ({AMA})},
 title = {The Need for Federal Regulation of Marijuana Marketing},
 url = {https://doi.org/10.1001%2Fjama.2019.4432},
 volume = {321},
 year = {2019}
}

