@article{Ayers2019,
  doi = {10.1001/jama.2019.4432},
  url = {https://doi.org/10.1001/jama.2019.4432},
  year = {2019},
  month = jun,
  publisher = {American Medical Association ({AMA})},
  volume = {321},
  number = {22},
  pages = {2163},
  author = {John W. Ayers and Theodore L. Caputi and Eric C. Leas},
  title = {The Need for Federal Regulation of Marijuana Marketing},
  journal = {{JAMA}}
}