@article{Liu082020InternetSearchesFor,
 author = {Michael Liu and Theodore L. Caputi and Mark Dredze and Aaron S. Kesselheim and John W. Ayers},
 doi = {10.1001/jamainternmed.2020.1764},
 journal = {{JAMA} Internal Medicine},
 month = {aug},
 number = {8},
 pages = {1116},
 publisher = {American Medical Association ({AMA})},
 title = {Internet Searches for Unproven {COVID}-19 Therapies in the United States},
 url = {https://doi.org/10.1001%2Fjamainternmed.2020.1764},
 volume = {180},
 year = {2020}
}

