@article{Ayers_2021,
	doi = {10.1001/jamanetworkopen.2020.34261},
	url = {https://doi.org/10.1001%2Fjamanetworkopen.2020.34261},
	year = 2021,
	month = {jan},
	publisher = {American Medical Association ({AMA})},
	volume = {4},
	number = {1},
	pages = {e2034261},
	author = {John W. Ayers and Adam Poliak and Derek C. Johnson and Eric C. Leas and Mark Dredze and Theodore Caputi and Alicia L. Nobles},
	title = {Suicide-Related Internet Searches During the Early Stages of the {COVID}-19 Pandemic in the {US}},
	journal = {{JAMA} Network Open}
}