@article{Caputi032018PopulationLevelAnalysesCannot,
 author = {Theodore L. Caputi and Kevin A. Sabet},
 doi = {10.2105/ajph.2017.304253},
 journal = {American Journal of Public Health},
 month = {mar},
 number = {3},
 pages = {e12--e12},
 publisher = {American Public Health Association},
 title = {Population-Level Analyses Cannot Tell Us Anything About Individual-Level Marijuana-Opioid Substitution},
 url = {https://doi.org/10.2105%2Fajph.2017.304253},
 volume = {108},
 year = {2018}
}

