@article{Caputi_2017,
	doi = {10.1371/journal.pone.0185735},
	url = {https://doi.org/10.1371%2Fjournal.pone.0185735},
	year = 2017,
	month = {oct},
	publisher = {Public Library of Science ({PLoS})},
	volume = {12},
	number = {10},
	pages = {e0185735},
	author = {Theodore L. Caputi and Eric Leas and Mark Dredze and Joanna E. Cohen and John W. Ayers},
	editor = {Yuyan Shi},
	title = {They're heating up: Internet search query trends reveal significant public interest in heat-not-burn tobacco products},
	journal = {{PLOS} {ONE}}
}