@article{Caputi122020DrugsClassAnd,
 author = {Theodore L. Caputi},
 doi = {10.1111/add.15339},
 journal = {Addiction},
 month = {dec},
 number = {3},
 pages = {684--685},
 publisher = {Wiley},
 title = {Commentary on Furr-Holden
et al
. : Drugs, class, and race{\textemdash}recent developments in the opioid epidemic call for urgent next steps},
 url = {https://doi.org/10.1111%2Fadd.15339},
 volume = {116},
 year = {2020}
}

