@article{Caputi062018SexAndOrientation,
 author = {Theodore L. Caputi},
 doi = {10.1016/j.drugalcdep.2018.01.012},
 journal = {Drug and Alcohol Dependence},
 month = {jun},
 pages = {142--148},
 publisher = {Elsevier {BV}},
 title = {Sex and orientation identity matter in the substance use behaviors of sexual minority adolescents in the United States},
 url = {https://doi.org/10.1016%2Fj.drugalcdep.2018.01.012},
 volume = {187},
 year = {2018}
}

