%% LaTeX2e file `mytestbib.bib'
%% generated by the `filecontents' environment
%% from source `test' on 2021/06/10.
%%
    @article{HotellingEJ1929,
      author = {Hotelling, Harold},
      title = {Stability in competiton},
      journal = {Economic Journal},
      year = {1929},
      volume = {39},
      pages = {41-57}
    }
