%% LaTeX2e file `test.bib'
%% generated by the `filecontents' environment
%% from source `test' on 2021/06/10.
%%
    @article{Bloggs1950,
        author = "{Bloggs}, {Joseph K.}",
        journal = "International Journal of Dubious Assertions",
        pages = "337-629",
        title = "{Misusing Scientific Terminology for Fun and Profit}",
        volume = "202",
        year = "1950"
    }
