@article{Johnson022021MonitoringHivTesting,
 author = {Derek C. Johnson and Alicia L. Nobles and Theodore L. Caputi and Michael Liu and Eric C. Leas and Steffanie A. Strathdee and Davey M. Smith and John W. Ayers},
 doi = {10.1186/s12879-021-05907-0},
 journal = {{BMC} Infectious Diseases},
 month = {feb},
 number = {1},
 publisher = {Springer Science and Business Media {LLC}},
 title = {Monitoring {HIV} testing and pre-exposure prophylaxis information seeking by combining digital and traditional data},
 url = {https://doi.org/10.1186%2Fs12879-021-05907-0},
 volume = {21},
 year = {2021}
}

