@article{Ayers112018NextGenerationMedia,
 author = {John W. Ayers and Mark Dredze and Eric C. Leas and Theodore L. Caputi and Jon-Patrick Allem and Joanna E. Cohen},
 doi = {10.1371/journal.pone.0205822},
 editor = {Zila M Sanchez},
 journal = {{PLOS} {ONE}},
 month = {nov},
 number = {11},
 pages = {e0205822},
 publisher = {Public Library of Science ({PLoS})},
 title = {Next generation media monitoring: Global coverage of electronic nicotine delivery systems (electronic cigarettes) on Bing, Google and Twitter, 2013-2018},
 url = {https://doi.org/10.1371%2Fjournal.pone.0205822},
 volume = {13},
 year = {2018}
}

