@article{Caputi032019MedicalMarijuanaNot,
 author = {Theodore L. Caputi},
 doi = {10.1111/add.14580},
 journal = {Addiction},
 month = {mar},
 number = {6},
 pages = {1128--1129},
 publisher = {Wiley},
 title = {Medical marijuana, not miracle marijuana: some well-publicized studies about medical marijuana do not pass a reality check},
 url = {https://doi.org/10.1111%2Fadd.14580},
 volume = {114},
 year = {2019}
}

