@article{Caputi_2020,
	doi = {10.1111/add.15339},
	url = {https://doi.org/10.1111%2Fadd.15339},
	year = 2020,
	month = {dec},
	publisher = {Wiley},
	volume = {116},
	number = {3},
	pages = {684--685},
	author = {Theodore L. Caputi},
	title = {Commentary on Furr-Holden
		            et al
		            . : Drugs, class, and race{\textemdash}recent developments in the opioid epidemic call for urgent next steps},
	journal = {Addiction}
}