@article{Caputi_2016,
	doi = {10.1136/tobaccocontrol-2016-053264},
	url = {https://doi.org/10.1136%2Ftobaccocontrol-2016-053264},
	year = 2016,
	month = {aug},
	publisher = {{BMJ}},
	volume = {26},
	number = {5},
	pages = {609--610},
	author = {Theodore L Caputi},
	title = {Industry watch: heat-not-burn tobacco products are about to reach their boiling point},
	journal = {Tobacco Control}
}