@article{Caputi082018SubstanceUseAmong,
 author = {Theodore L. Caputi and Laramie R. Smith and Steffanie A. Strathdee and John W. Ayers},
 doi = {10.2105/ajph.2018.304446},
 journal = {American Journal of Public Health},
 month = {aug},
 number = {8},
 pages = {1031--1034},
 publisher = {American Public Health Association},
 title = {Substance Use Among Lesbian, Gay, Bisexual, and Questioning Adolescents in the United States, 2015},
 url = {https://doi.org/10.2105%2Fajph.2018.304446},
 volume = {108},
 year = {2018}
}

