@article{Caputi2018,
  doi = {10.2105/ajph.2017.304253},
  url = {https://doi.org/10.2105/ajph.2017.304253},
  year = {2018},
  month = mar,
  publisher = {American Public Health Association},
  volume = {108},
  number = {3},
  pages = {e12--e12},
  author = {Theodore L. Caputi and Kevin A. Sabet},
  title = {Population-Level Analyses Cannot Tell Us Anything About Individual-Level Marijuana-Opioid Substitution},
  journal = {American Journal of Public Health}
}