@article{Caputi2018,
  doi = {10.2105/ajph.2018.304446},
  url = {https://doi.org/10.2105/ajph.2018.304446},
  year = {2018},
  month = aug,
  publisher = {American Public Health Association},
  volume = {108},
  number = {8},
  pages = {1031--1034},
  author = {Theodore L. Caputi and Laramie R. Smith and Steffanie A. Strathdee and John W. Ayers},
  title = {Substance Use Among Lesbian,  Gay,  Bisexual,  and Questioning Adolescents in the United States,  2015},
  journal = {American Journal of Public Health}
}