@article{Caputi2019,
  doi = {10.1001/jamainternmed.2018.5094},
  url = {https://doi.org/10.1001/jamainternmed.2018.5094},
  year = {2019},
  month = feb,
  publisher = {American Medical Association ({AMA})},
  volume = {179},
  number = {2},
  pages = {258},
  author = {Theodore L. Caputi and Alicia L. Nobles and John W. Ayers},
  title = {Internet Searches for Sexual Harassment and Assault,  Reporting,  and Training Since the {\#}{MeToo} Movement},
  journal = {{JAMA} Internal Medicine}
}