@article{Caputi122017SuicideRiskBehaviors,
 author = {Theodore L. Caputi and Davey Smith and John W. Ayers},
 doi = {10.1001/jama.2017.16908},
 journal = {{JAMA}},
 month = {dec},
 number = {23},
 pages = {2349},
 publisher = {American Medical Association ({AMA})},
 title = {Suicide Risk Behaviors Among Sexual Minority Adolescents in the United States, 2015},
 url = {https://doi.org/10.1001%2Fjama.2017.16908},
 volume = {318},
 year = {2017}
}

