@article{Ayers082018DonTQuoteMe,
 author = {John W. Ayers and Theodore L. Caputi and Camille Nebeker and Mark Dredze},
 doi = {10.1038/s41746-018-0036-2},
 journal = {npj Digital Medicine},
 month = {aug},
 number = {1},
 publisher = {Springer Science and Business Media {LLC}},
 title = {Don't quote me: reverse identification of research participants in social media studies},
 url = {https://doi.org/10.1038%2Fs41746-018-0036-2},
 volume = {1},
 year = {2018}
}

