@article{Caputi2017,
  doi = {10.1093/ntr/ntx143},
  url = {https://doi.org/10.1093/ntr/ntx143},
  year = {2017},
  month = jun,
  publisher = {Oxford University Press ({OUP})},
  volume = {20},
  number = {6},
  pages = {779--783},
  author = {Theodore L Caputi},
  title = {Google Searches for {\textquotedblleft}Cheap Cigarettes{\textquotedblright} Spike at Tax Increases: Evidence from an Algorithm to Detect Spikes in Time Series Data},
  journal = {Nicotine {\&} Tobacco Research}
}