@article{Caputi2019,
  doi = {10.1111/add.14748},
  url = {https://doi.org/10.1111/add.14748},
  year = {2019},
  month = nov,
  publisher = {Wiley},
  volume = {115},
  number = {1},
  pages = {188--189},
  author = {Theodore L. Caputi},
  title = {Medical marijuana laws,  substance use treatment admissions and the ecological fallacy},
  journal = {Addiction}
}