@article{Caputi2016,
  doi = {10.1080/02791072.2016.1197989},
  url = {https://doi.org/10.1080/02791072.2016.1197989},
  year = {2016},
  month = may,
  publisher = {Informa {UK} Limited},
  volume = {48},
  number = {3},
  pages = {227--229},
  author = {Theodore L. Caputi and Kevin A. Sabet},
  title = {Commentary on {\textquotedblleft}New Perspectives on Drug Education/Prevention{\textquotedblright}},
  journal = {Journal of Psychoactive Drugs}
}