@article{Caputi012017AssessingThePossibility,
 author = {Theodore L. Caputi},
 doi = {10.12806/v16/i1/t2},
 journal = {Journal of Leadership Education},
 month = {jan},
 number = {1},
 pages = {115--132},
 publisher = {Journal of Leadership Education},
 title = {Assessing the Possibility of Leadership Education as Psychosocial-Based Problem Behavior Prevention for Adolescents: A Review of the Literature},
 url = {https://doi.org/10.12806%2Fv16%2Fi1%2Ft2},
 volume = {16},
 year = {2017}
}

