@article{Caputi022020TheMedicalMarijuana,
 author = {Theodore L. Caputi},
 doi = {10.2105/ajph.2019.305477},
 journal = {American Journal of Public Health},
 month = {feb},
 number = {2},
 pages = {174--175},
 publisher = {American Public Health Association},
 title = {The Medical Marijuana Industry and the Use of {\textquotedblleft}Research as Marketing{\textquotedblright}},
 url = {https://doi.org/10.2105%2Fajph.2019.305477},
 volume = {110},
 year = {2020}
}

