@article{Acevedo_2021,
	doi = {10.1111/1475-6773.13625},
	url = {https://doi.org/10.1111%2F1475-6773.13625},
	year = 2021,
	month = {feb},
	publisher = {Wiley},
	author = {Andrea Acevedo and Brian O. Mullin and Ana M. Progovac and Theodore L. Caputi and J. Michael McWilliams and Benjamin L. Cook},
	title = {Impact of the Medicare Shared Savings Program on utilization of mental health and substance use services by eligibility and race/ethnicity},
	journal = {Health Services Research}
}