@article{Caputi2017,
  doi = {10.1111/dar.12494},
  url = {https://doi.org/10.1111/dar.12494},
  year = {2017},
  month = feb,
  publisher = {Wiley},
  volume = {36},
  number = {4},
  pages = {E3--E4},
  author = {Theodore L. Caputi},
  title = {Whether medical marijuana is ever substituted for other substances is not the full story},
  journal = {Drug and Alcohol Review}
}