@article{Caputi2017,
  doi = {10.1001/jama.2017.16908},
  url = {https://doi.org/10.1001/jama.2017.16908},
  year = {2017},
  month = dec,
  publisher = {American Medical Association ({AMA})},
  volume = {318},
  number = {23},
  pages = {2349},
  author = {Theodore L. Caputi and Davey Smith and John W. Ayers},
  title = {Suicide Risk Behaviors Among Sexual Minority Adolescents in the United States,  2015},
  journal = {{JAMA}}
}