@article{Nobles2020,
  doi = {10.1038/s41746-019-0215-9},
  url = {https://doi.org/10.1038/s41746-019-0215-9},
  year = {2020},
  month = jan,
  publisher = {Springer Science and Business Media {LLC}},
  volume = {3},
  number = {1},
  author = {Alicia L. Nobles and Eric C. Leas and Theodore L. Caputi and Shu-Hong Zhu and Steffanie A. Strathdee and John W. Ayers},
  title = {Responses to addiction help-seeking from Alexa,  Siri,  Google Assistant,  Cortana,  and Bixby intelligent virtual assistants},
  journal = {npj Digital Medicine}
}