@article{Ayers_2021,
	doi = {10.1136/tobaccocontrol-2021-056661},
	url = {https://doi.org/10.1136%2Ftobaccocontrol-2021-056661},
	year = 2021,
	month = {apr},
	publisher = {{BMJ}},
	pages = {tobaccocontrol--2021--056661},
	author = {John W Ayers and Eric C Leas and Mark Dredze and Theodore L Caputi and Shu-Hong Zhu and Joanna E Cohen},
	title = {Philip Morris International used the e-cigarette, or vaping, product use associated lung injury ({EVALI}) outbreak to market {IQOS} heated tobacco},
	journal = {Tobacco Control}
}