@article{Caputi2020,
  doi = {10.2196/19369},
  url = {https://doi.org/10.2196/19369},
  year = {2020},
  month = may,
  publisher = {{JMIR} Publications Inc.},
  volume = {6},
  number = {2},
  pages = {e19369},
  author = {Theodore L Caputi and John W Ayers and Mark Dredze and Nicholas Suplina and Sarah Burd-Sharps},
  title = {Collateral Crises of Gun Preparation and the {COVID}-19 Pandemic: Infodemiology Study},
  journal = {{JMIR} Public Health and Surveillance}
}